<record><leader>00000cas a22000007a 4500</leader><controlfield tag="001">22919357</controlfield><controlfield tag="008">910103d19uu1908ohudn ne      0    0eng d</controlfield><datafield ind1=" " ind2=" " tag="010"><subfield code="a">sn 90068626 </subfield></datafield><datafield ind1=" " ind2=" " tag="040"><subfield code="a">ONP</subfield><subfield code="b">eng</subfield><subfield code="c">ONP</subfield><subfield code="d">OCLCQ</subfield></datafield><datafield ind1=" " ind2=" " tag="042"><subfield code="a">msc</subfield></datafield><datafield ind1="0" ind2=" " tag="130"><subfield code="a">Fremont daily messenger (Fremont, Ohio : 1900)</subfield></datafield><datafield ind1="1" ind2="0" tag="245"><subfield code="a">Fremont daily messenger.</subfield></datafield><datafield ind1="3" ind2="0" tag="246"><subfield code="a">Fremont messenger</subfield></datafield><datafield ind1=" " ind2=" " tag="260"><subfield code="a">Fremont, Ohio :</subfield><subfield code="b">D.S. Fisher &amp; Co.,</subfield><subfield code="c">-1908.</subfield></datafield><datafield ind1=" " ind2=" " tag="300"><subfield code="a">v.</subfield></datafield><datafield ind1=" " ind2=" " tag="310"><subfield code="a">Daily (except Sun.)</subfield></datafield><datafield ind1="0" ind2=" " tag="362"><subfield code="a">-v. 68, no. 84 (Feb. 14, 1908).</subfield></datafield><datafield ind1=" " ind2=" " tag="500"><subfield code="a">Published as: Fremont messenger, &lt;Nov. 28, 1904&gt;-Mar. 25, 1905.</subfield></datafield><datafield ind1=" " ind2=" " tag="580"><subfield code="a">Semiweekly eds.: Fremont Democratic messenger, 1899-&lt;1901&gt;, and: Fremont messenger (Fremont, Ohio : 1904).</subfield></datafield><datafield ind1=" " ind2=" " tag="588"><subfield code="a">Description based on: Vol. 5, no. 53 (July 2, 1900).</subfield></datafield><datafield ind1=" " ind2="4" tag="651"><subfield code="a">Fremont (Ohio)</subfield><subfield code="v">Newspapers.</subfield></datafield><datafield ind1=" " ind2="4" tag="651"><subfield code="a">Sandusky County (Ohio)</subfield><subfield code="v">Newspapers.</subfield></datafield><datafield ind1=" " ind2=" " tag="752"><subfield code="a">United States</subfield><subfield code="b">Ohio</subfield><subfield code="c">Sandusky</subfield><subfield code="d">Fremont.</subfield></datafield><datafield ind1="1" ind2=" " tag="775"><subfield code="t">Fremont Democratic messenger</subfield><subfield code="w">(DLC)sn 90068969</subfield></datafield><datafield ind1="1" ind2=" " tag="775"><subfield code="t">Fremont messenger (Fremont, Ohio : 1904)</subfield><subfield code="w">(DLC)sn 90068627</subfield></datafield><datafield ind1="1" ind2=" " tag="775"><subfield code="t">Fremont weekly messenger</subfield><subfield code="w">(DLC)sn 90068625</subfield></datafield><datafield ind1="0" ind2="0" tag="780"><subfield code="t">Daily messenger (Fremont, Ohio : 1896)</subfield><subfield code="w">(DLC)sn 90068784</subfield></datafield><datafield ind1="0" ind2="0" tag="785"><subfield code="t">Daily messenger (Fremont, Ohio : 1908)</subfield><subfield code="w">(DLC)sn 90068624</subfield></datafield></record>